@article{zaslaver2006comprehensive,
  title={A comprehensive library of fluorescent transcriptional reporters for \textit{Escherichia coli}},
  author={Zaslaver, Alon and Bren, Anat and Ronen, Michal and Itzkovitz, Shalev and Kikoin, Ilya and Shavit, Seagull and Liebermeister, Wolfram and Surette, Michael G and Alon, Uri},
  journal={Nature Methods},
  volume={3},
  number={8},
  pages={623--628},
  year={2006},
  publisher={Nature Publishing Group}
}

@article{kudla2009coding,
  title={Coding-sequence determinants of gene expression in \textit{Escherichia coli}},
  author={Kudla, Grzegorz and Murray, Andrew W and Tollervey, David and Plotkin, Joshua B},
  journal={Science},
  volume={324},
  number={5924},
  pages={255--258},
  year={2009},
  publisher={American Association for the Advancement of Science}
}

@article{kuhlman2010site,
  title={Site-specific chromosomal integration of large synthetic constructs},
  author={Kuhlman, Thomas E and Cox, Edward C},
  journal={Nucleic Acids Research},
  volume={38},
  number={6},
  pages={e92},
  year={2010},
  publisher={Oxford University Press}
}

@article{quan2012adaptive,
  title={Adaptive evolution of the lactose utilization network in experimentally evolved populations of \textit{Escherichia coli}},
  author={Quan, Selwyn and Ray, J Christian J and Kwota, Zakari and Duong, Trang and Bal{\'a}zsi, G{\'a}bor and Cooper, Tim F and Monds, Russell D},
  journal={PLoS Genetics},
  volume={8},
  number={1},
  pages={e1002444},
  year={2012},
  publisher={Public Library of Science}
}

@article{espah2013translation,
  title={Translation rate is controlled by coupled trade-offs between site accessibility, selective {RNA} unfolding and sliding at upstream standby sites},
  author={Espah Borujeni, Amin and Channarasappa, Anirudh S and Salis, Howard M},
  journal={Nucleic Acids Research},
  volume={42},
  number={4},
  pages={2646--2659},
  year={2013},
  publisher={Oxford University Press}
}

@article{kiviet2014stochasticity,
  title={Stochasticity of metabolism and growth at the single-cell level},
  author={Kiviet, Daniel J and Nghe, Philippe and Walker, Noreen and Boulineau, Sarah and Sunderlikova, Vanda and Tans, Sander J},
  journal={Nature},
  volume={514},
  number={7522},
  pages={376--379},
  year={2014},
  publisher={Nature Publishing Group}
}

@article{koirala2016reciprocal,
  title={Reciprocal regulation of \textit{L}-arabinose and \textit{D}-xylose metabolism in \textit{Escherichia coli}},
  author={Koirala, Santosh and Wang, Xiaoyi and Rao, Christopher V},
  journal={Journal of Bacteriology},
  volume={198},
  number={3},
  pages={386--393},
  year={2016},
  publisher={Am Soc Microbiol}
}

@article{roderick2005lac,
  title={The \textit{lac} operon galactoside acetyltransferase},
  author={Roderick, Steven L},
  journal={Comptes Rendus Biologies},
  volume={328},
  number={6},
  pages={568--575},
  year={2005},
  publisher={Elsevier}
}

@article{browning2016local,
  title={Local and global regulation of transcription initiation in bacteria},
  author={Browning, Douglas F and Busby, Stephen JW},
  journal={Nature Reviews Microbiology},
  volume={14},
  number={10},
  pages={638--650},
  year={2016},
  publisher={Nature Publishing Group}
}

@article{dar2018extensive,
  title={Extensive reshaping of bacterial operons by programmed m{RNA} decay},
  author={Dar, Daniel and Sorek, Rotem},
  journal={PLoS Genetics},
  volume={14},
  number={4},
  pages={e1007354},
  year={2018},
  publisher={Public Library of Science}
}

@article{urtecho2017systematic,
  title={Systematic Dissection of Sequence Elements Controlling $\sigma$70 Promoters Using a Genomically-Encoded Multiplexed Reporter Assay in \textit{E. coli}},
  author={Urtecho, Guillaume and Tripp, Arielle D and Insigne, Kimberly and Kim, Hwangbeom and Kosuri, Sriram},
  journal={bioRxiv},
  pages={207332},
  year={2017},
  publisher={Cold Spring Harbor Laboratory}
}

@article{belliveau2018systematic,
  title={A systematic approach for dissecting the molecular mechanisms of transcriptional regulation in bacteria},
  author={Belliveau, Nathan M and Barnes, Stephanie L and Ireland, William T and Jones, Daniel L and Sweredoski, Michael J and Moradian, Annie and Hess, Sonja and Kinney, Justin B and Phillips, Rob},
  journal={bioRxiv},
  pages={239335},
  year={2018},
  publisher={Cold Spring Harbor Laboratory}
}

@article{park2018molecular,
  title={Molecular Time Sharing through Dynamic Pulsing in Single Cells},
  author={Park, Jin and Dies, Marta and Lin, Yihan and Hormoz, Sahand and Smith-Unna, Stephanie E and Quinodoz, Sofia and Hern{\'a}ndez-Jim{\'e}nez, Mar{\'\i}a Jes{\'u}s and Garcia-Ojalvo, Jordi and Locke, James CW and Elowitz, Michael B},
  journal={Cell Systems},
  volume={6},
  number={2},
  pages={216--229},
  year={2018},
  publisher={Elsevier}
}

@article{duveau2017effects,
  title={Effects of mutation and selection on plasticity of a promoter activity in \textit{Saccharomyces cerevisiae}},
  author={Duveau, Fabien and Yuan, David C and Metzger, Brian PH and Hodgins-Davis, Andrea and Wittkopp, Patricia J},
  journal={Proceedings of the National Academy of Sciences},
  volume={114},
  number={52},
  pages={E11218--E11227},
  year={2017},
  publisher={National Acad Sciences}
}

@article{hernandez2012adaptation,
  title={Adaptation and preadaptation of \textit{Salmonella enterica} to bile},
  author={Hern{\'a}ndez, Sara B and Cota, Ignacio and Ducret, Adrien and Aussel, Laurent and Casades{\'u}s, Josep},
  journal={PLoS Genetics},
  volume={8},
  number={1},
  pages={e1002459},
  year={2012},
  publisher={Public Library of Science}
}

@article{mathis2017asymmetric,
  title={Asymmetric cellular memory in bacteria exposed to antibiotics},
  author={Mathis, Roland and Ackermann, Martin},
  journal={BMC Evolutionary Biology},
  volume={17},
  number={1},
  pages={73},
  year={2017},
  publisher={BioMed Central}
}

@article{casadesus2002memory,
  title={Memory in bacteria and phage},
  author={Casades{\'u}s, Josep and D'Ari, Richard},
  journal={BioEssays},
  volume={24},
  number={6},
  pages={512--518},
  year={2002},
  publisher={Wiley Online Library}
}

@article{hilker2016priming,
  title={Priming and memory of stress responses in organisms lacking a nervous system},
  author={Hilker, Monika and Schwachtje, Jens and Baier, Margarete and Balazadeh, Salma and B{\"a}urle, Isabel and Geiselhardt, Sven and Hincha, Dirk K and Kunze, Reinhard and Mueller-Roeber, Bernd and Rillig, Matthias C and Rolff, Jens and Romeis, Tina and Schm{\"u}lling, Thomas and Steppuhn, Anke and van Dongen, Joost and Whitcomb, Sarah J and Wurst, Susanne and Zuther, Ellen and Kopka, Joachim},
  journal={Biological Reviews},
  volume={91},
  number={4},
  pages={1118--1133},
  year={2016},
  publisher={Wiley Online Library}
}

@article{machado2015persistence,
  title={The persistence of memory},
  author={Machado, JA Tenreiro and Lopes, Ant{\'o}nio M},
  journal={Nonlinear Dynamics},
  volume={79},
  number={1},
  pages={63--82},
  year={2015},
  publisher={Springer}
}

@article{kedziora2017persistence,
  title={The persistence of memory},
  author={Kedziora, Katarzyna M and Purvis, Jeremy E},
  journal={Nature},
  volume={549},
  number={7672},
  pages={343--344},
  year={2017},
  publisher={Nature Publishing Group}
}

@article{veening2008bistability,
  title={Bistability, epigenetics, and bet-hedging in bacteria},
  author={Veening, Jan-Willem and Smits, Wiep Klaas and Kuipers, Oscar P},
  journal={Annu. Rev. Microbiol.},
  volume={62},
  pages={193--210},
  year={2008},
  publisher={Annual Reviews}
}

@article{tagkopoulos2008predictive,
  title={Predictive behavior within microbial genetic networks},
  author={Tagkopoulos, Ilias and Liu, Yir-Chung and Tavazoie, Saeed},
  journal={Science},
  volume={320},
  number={5881},
  pages={1313--1317},
  year={2008},
  publisher={American Association for the Advancement of Science}
}

@article{depas2013iron,
  title={Iron induces bimodal population development by \textit{Escherichia coli}},
  author={DePas, William H and Hufnagel, David A and Lee, John S and Blanco, Luz P and Bernstein, Hans C and Fisher, Steve T and James, Garth A and Stewart, Philip S and Chapman, Matthew R},
  journal={Proceedings of the National Academy of Sciences},
  volume={110},
  number={7},
  pages={2629--2634},
  year={2013},
  publisher={National Acad Sciences}
}

@article{kotte2014phenotypic,
  title={Phenotypic bistability in \textit{Escherichia coli}'s central carbon metabolism},
  author={Kotte, Oliver and Volkmer, Benjamin and Radzikowski, Jakub L and Heinemann, Matthias},
  journal={Molecular Systems Biology},
  volume={10},
  number={7},
  pages={736},
  year={2014},
  publisher={EMBO Press}
}

@article{amato2014nutrient,
  title={Nutrient transitions are a source of persisters in \textit{Escherichia coli} biofilms},
  author={Amato, Stephanie M and Brynildsen, Mark P},
  journal={PloS ONE},
  volume={9},
  number={3},
  pages={e93110},
  year={2014},
  publisher={Public Library of Science}
}

@article{bren2016glucose,
  title={Glucose becomes one of the worst carbon sources for \textit{E. coli} on poor nitrogen sources due to suboptimal levels of c{AMP}},
  author={Bren, Anat and Park, Junyoung O and Towbin, Benjamin D and Dekel, Erez and Rabinowitz, Joshua D and Alon, Uri},
  journal={Scientific Reports},
  volume={6},
  pages={24834},
  year={2016},
  publisher={Nature Publishing Group}
}

@article{govers2017rapid,
  title={Rapid phenotypic individualization of bacterial sister cells},
  author={Govers, Sander K and Adam, Antoine and Blockeel, Hendrik and Aertsen, Abram},
  journal={Scientific Reports},
  volume={7},
  number={1},
  pages={8473},
  year={2017},
  publisher={Nature Publishing Group}
}

@article{vigouroux2018tuning,
  title={Tuning d{C}as9's ability to block transcription enables robust, noiseless knockdown of bacterial genes},
  author={Vigouroux, Antoine and Oldewurtel, Enno and Cui, Lun and Bikard, David and van Teeffelen, Sven},
  journal={Molecular Systems Biology},
  volume={14},
  number={3},
  pages={e7899},
  year={2018},
  publisher={EMBO Press}
}

@article{csimcsek2018emergence,
  title={The emergence of metabolic heterogeneity and diverse growth responses in isogenic bacterial cells},
  author={{\c{S}}im{\c{s}}ek, Emrah and Kim, Minsu},
  journal={The ISME Journal},
  pages={1},
  year={2018},
  publisher={Nature Publishing Group}
}

@article{ravikumar2018scalable,
  title={Scalable continuous evolution of genes at mutation rates above genomic error thresholds},
  author={Ravikumar, Arjun and Arzumanyan, Garri A and Obadi, Muaeen KA and Javanpour, Alex A and Liu, Chang C},
  journal={bioRxiv},
  pages={313338},
  year={2018},
  publisher={Cold Spring Harbor Laboratory}
}

@article{behringer2018escherichia,
  title={\textit{Escherichia coli} cultures maintain stable subpopulation structure during long-term evolution},
  author={Behringer, Megan G and Choi, Brian I and Miller, Samuel F and Doak, Thomas G and Karty, Jonathan A and Guo, Wanfeng and Lynch, Michael},
  journal={Proceedings of the National Academy of Sciences},
  volume={115},
  number={20},
  pages={E4642--E4650},
  year={2018},
  publisher={National Acad Sciences}
}

@article{balomenos2017image,
  title={Image analysis driven single-cell analytics for systems microbiology},
  author={Balomenos, Athanasios D and Tsakanikas, Panagiotis and Aspridou, Zafiro and Tampakaki, Anastasia P and Koutsoumanis, Konstantinos P and Manolakos, Elias S},
  journal={BMC Systems Biology},
  volume={11},
  number={1},
  pages={43},
  year={2017},
  publisher={BioMed Central}
}

@article{krasovec2017spontaneous,
  title={Spontaneous mutation rate is a plastic trait associated with population density across domains of life},
  author={Kra{\v{s}}ovec, Rok and Richards, Huw and Gifford, Danna R and Hatcher, Charlie and Faulkner, Katy J and Belavkin, Roman V and Channon, Alastair and Aston, Elizabeth and McBain, Andrew J and Knight, Christopher G},
  journal={PLoS Biology},
  volume={15},
  number={8},
  pages={e2002731},
  year={2017},
  publisher={Public Library of Science}
}

@article{ronin2017long,
  title={A long-term epigenetic memory switch controls bacterial virulence bimodality},
  author={Ronin, Irine and Katsowich, Naama and Rosenshine, Ilan and Balaban, Nathalie Q},
  journal={eLife},
  volume={6},
  year={2017},
  publisher={eLife Sciences Publications, Ltd}
}

@article{levin2014scanlag,
  title={ScanLag: {H}igh-throughput quantification of colony growth and lag time},
  author={Levin-Reisman, Irit and Fridman, Ofer and Balaban, Nathalie Q},
  journal={JoVE},
  number={89},
  year={2014},
  publisher={MyJoVE Corporation}
}

@article{byappanahalli2004indigenous,
  title={Indigenous soil bacteria and low moisture may limit but allow faecal bacteria to multiply and become a minor population in tropical soils},
  author={Byappanahalli, M and Fujioka, Rl},
  journal={Water Science and Technology},
  volume={50},
  number={1},
  pages={27--32},
  year={2004},
  publisher={IWA Publishing}
}

@article{somorin2016general,
  title={The general stress response is conserved in long-term soil-persistent strains of \textit{Escherichia coli}},
  author={Somorin, Yinka and Abram, Florence and Brennan, Fiona and O'Byrne, Conor},
  journal={Applied and Environmental Microbiology},
  volume={82},
  number={15},
  pages={4628--4640},
  year={2016},
  publisher={Am Soc Microbiol}
}

@article{walk2015cryptic,
  title={The" Cryptic" \textit{Escherichia}.},
  author={Walk, ST},
  journal={EcoSal Plus},
  volume={6},
  number={2},
  year={2015}
}

@article{walk2009cryptic,
  title={Cryptic lineages of the genus \textit{Escherichia}},
  author={Walk, Seth T and Alm, Elizabeth W and Gordon, David M and Ram, Jeffrey L and Toranzos, Gary A and Tiedje, James M and Whittam, Thomas S},
  journal={Applied and Environmental Microbiology},
  volume={75},
  number={20},
  pages={6534--6544},
  year={2009},
  publisher={Am Soc Microbiol}
}

@article{friedmann2006escherich,
  title={Escherich and \textit{Escherichia}},
  author={Friedmann, Herbert C},
  journal={Advances in Applied Microbiology},
  volume={60},
  pages={133--196},
  year={2006},
  publisher={Elsevier}
}

@article{allocati2013escherichia,
  title={\textit{Escherichia coli} in {E}urope: an overview},
  author={Allocati, Nerino and Masulli, Michele and Alexeyev, Mikhail F and Di Ilio, Carmine},
  journal={Int. J. Environ. Res. Public Health},
  volume={10},
  number={12},
  pages={6235--6254},
  year={2013},
  publisher={Multidisciplinary Digital Publishing Institute}
}

@article{gopee2000longitudinal,
  title={A longitudinal study of \textit{Escherichia coli} strains isolated from captive mammals, birds, and reptiles in {T}rinidad},
  author={Gopee, Neera V and Adesiyun, Abiodun A and Caesar, K},
  journal={Journal of Zoo and Wildlife Medicine},
  volume={31},
  number={3},
  pages={353--360},
  year={2000},
  publisher={BioOne}
}

@article{sternberg1985evidence,
  title={Evidence that adenine methylation influences {DNA}-protein interactions in \textit{Escherichia coli}.},
  author={Sternberg, N},
  journal={Journal of Bacteriology},
  volume={164},
  number={1},
  pages={490--493},
  year={1985},
  publisher={American Society for Microbiology}
}

@article{durso2014mechanisms,
  title={Mechanisms of epigenetic memory},
  author={D’Urso, Agustina and Brickner, Jason H},
  journal={Trends in Genetics},
  volume={30},
  number={6},
  pages={230--236},
  year={2014},
  publisher={Elsevier}
}

@article{adhikari2016dna,
  title={{DNA} methyltransferases and epigenetic regulation in bacteria},
  author={Adhikari, Satish and Curtis, Patrick D},
  journal={FEMS Microbiology Reviews},
  volume={40},
  number={5},
  pages={575--591},
  year={2016},
  publisher={Oxford University Press}
}

@article{casadesus2013programmed,
  title={Programmed heterogeneity: epigenetic mechanisms in bacteria},
  author={Casades{\'u}s, Josep and Low, David A},
  journal={Journal of Biological Chemistry},
  volume={288},
  number={20},
  pages={13929--13935},
  year={2013},
  publisher={ASBMB}
}

@article{casadesus2006epigenetic,
  title={Epigenetic gene regulation in the bacterial world},
  author={Casades{\'u}s, Josep and Low, David},
  journal={Microbiology and Molecular Biology Reviews},
  volume={70},
  number={3},
  pages={830--856},
  year={2006},
  publisher={Am Soc Microbiol}
}

@article{hernday2003mechanism,
  title={The mechanism by which {DNA} adenine methylase and {PapI} activate the pap epigenetic switch},
  author={Hernday, Aaron D and Braaten, Bruce A and Low, David A},
  journal={Molecular Cell},
  volume={12},
  number={4},
  pages={947--957},
  year={2003},
  publisher={Elsevier}
}

@article{bickle1993biology,
  title={Biology of {DNA} restriction.},
  author={Bickle, Thomas A and Kr{\"u}ger, DH},
  journal={Microbiological Reviews},
  volume={57},
  number={2},
  pages={434--450},
  year={1993},
  publisher={Am Soc Microbiol}
}

@article{low2001roles,
  title={Roles of {DNA} adenine methylation in regulating bacterial gene expression and virulence},
  author={Low, David A and Weyand, Nathan J and Mahan, Michael J},
  journal={Infection and Immunity},
  volume={69},
  number={12},
  pages={7197--7204},
  year={2001},
  publisher={Am Soc Microbiol}
}

@article{bochow2012bacteriophage,
  title={Bacteriophage adenine methyltransferase: a life cycle regulator? {M}odelled using \textit{Vibrio harveyi} myovirus like},
  author={Bochow, S and Elliman, J and Owens, L},
  journal={Journal of Applied Microbiology},
  volume={113},
  number={5},
  pages={1001--1013},
  year={2012},
  publisher={Wiley Online Library}
}

@article{sobetzko2016distamo,
  title={{DistAMo}: a web-based tool to characterize {DNA}-motif distribution on bacterial chromosomes},
  author={Sobetzko, Patrick and Jelonek, Lukas and Strickert, Marc and Han, Wenxia and Goesmann, Alexander and Waldminghaus, Torsten},
  journal={Frontiers in Microbiology},
  volume={7},
  pages={283},
  year={2016},
  publisher={Frontiers}
}

@article{correnti2002dam,
  title={Dam-dependent phase variation of {Ag43} in \textit{Escherichia coli} is altered in a \textit{seqA} mutant},
  author={Correnti, Jason and Munster, Vincent and Chan, Teresa and Woude, Marjan van der},
  journal={Molecular Microbiology},
  volume={44},
  number={2},
  pages={521--532},
  year={2002},
  publisher={Wiley Online Library}
}

@article{peterson2008competitive,
  title={Competitive {Lrp and Dam} assembly at the pap regulatory region: implications for mechanisms of epigenetic regulation},
  author={Peterson, Stacey N and Reich, Norbert O},
  journal={Journal of Molecular Biology},
  volume={383},
  number={1},
  pages={92--105},
  year={2008},
  publisher={Elsevier}
}

@article{blyn1990regulation,
  title={Regulation of \textit{pap} pilin phase variation by a mechanism involving differential {D}am methylation states.},
  author={Blyn, Lawrence B and Braaten, Bruce A and Low, David A},
  journal={The EMBO Journal},
  volume={9},
  number={12},
  pages={4045--4054},
  year={1990},
  publisher={Wiley Online Library}
}

@article{weyand2000regulation,
  title={Regulation of Pap Phase Variation {Lrp IS SUFFICIENT FOR THE ESTABLISHMENT OF THE PHASE OFF} \textit{pap} {DNA METHYLATION PATTERN AND REPRESSION OF} \textit{pap} {TRANSCRIPTION IN VITRO}},
  author={Weyand, Nathan J and Low, David A},
  journal={Journal of Biological Chemistry},
  volume={275},
  number={5},
  pages={3192--3200},
  year={2000},
  publisher={ASBMB}
}

@article{weyand2001essential,
  title={The essential role of the promoter-proximal subunit of {CAP} in \textit{pap} phase variation: {L}rp-and helical phase-dependent activation of \textit{papBA} transcription by {CAP} from- 215},
  author={Weyand, Nathan J and Braaten, Bruce A and Van Der Woude, Marjan and Tucker, Julie and Low, David A},
  journal={Molecular Microbiology},
  volume={39},
  number={6},
  pages={1504--1522},
  year={2001},
  publisher={Wiley Online Library}
}

@article{forsman1989autoregulation,
  title={Autoregulation and multiple {DNA} interactions by a transcriptional regulatory protein in \textit{E. coli} pili biogenesis.},
  author={Forsman, Kristina and G{\"o}ransson, M and Uhlin, Bernt Eric},
  journal={The EMBO Journal},
  volume={8},
  number={4},
  pages={1271--1277},
  year={1989},
  publisher={Wiley Online Library}
}

@article{broadbent2007yhdj,
  title={{YhdJ}, a nonessential {CcrM}-like {DNA} methyltransferase of \textit{Escherichia coli} and \textit{Salmonella enterica}},
  author={Broadbent, Sarah E and Balbontin, Roberto and Casadesus, Josep and Marinus, Martin G and van der Woude, Marjan},
  journal={Journal of Bacteriology},
  volume={189},
  number={11},
  pages={4325--4327},
  year={2007},
  publisher={Am Soc Microbiol}
}

@article{marinus1973isolation,
  title={Isolation of deoxyribonucleic acid methylase mutants of \textit{Escherichia coli} {K}-12},
  author={Marinus, Martin G and Morris, N Ronald},
  journal={Journal of Bacteriology},
  volume={114},
  number={3},
  pages={1143--1150},
  year={1973},
  publisher={Am Soc Microbiol}
}

@article{militello2012conservation,
  title={Conservation of {Dcm}-mediated cytosine {DNA} methylation in \textit{Escherichia coli}},
  author={Militello, Kevin T and Simon, Robert D and Qureshi, Mehr and Maines, Robert and Van Horne, Michelle L and Hennick, Stacy M and Jayakar, Sangeeta K and Pounder, Sarah},
  journal={FEMS Microbiology Letters},
  volume={328},
  number={1},
  pages={78--85},
  year={2012},
  publisher={Blackwell Publishing Ltd Oxford, UK}
}

@article{militello2014cytosine,
  title={Cytosine {DNA} methylation influences drug resistance in \textit{Escherichia coli} through increased \textit{sugE} expression},
  author={Militello, Kevin T and Mandarano, Alexandra H and Varechtchouk, Olga and Simon, Robert D},
  journal={FEMS Microbiology Letters},
  volume={350},
  number={1},
  pages={100--106},
  year={2014},
  publisher={Blackwell Publishing Ltd Oxford, UK}
}

@article{militello20165,
  title={5-azacytidine induces transcriptome changes in \textit{Escherichia coli} via {DNA} methylation-dependent and {DNA} methylation-independent mechanisms},
  author={Militello, Kevin T and Simon, Robert D and Mandarano, Alexandra H and DiNatale, Anthony and Hennick, Stacy M and Lazatin, Justine C and Cantatore, Sarah},
  journal={BMC Microbiology},
  volume={16},
  number={1},
  pages={130},
  year={2016},
  publisher={BioMed Central}
}

@article{kahramanoglou2012genomics,
  title={Genomics of {DNA} cytosine methylation in \textit{Escherichia coli} reveals its role in stationary phase transcription},
  author={Kahramanoglou, Christina and Prieto, Ana I and Khedkar, Supriya and Haase, Bettina and Gupta, Ankur and Benes, Vladimir and Fraser, Gillian M and Luscombe, Nicholas M and Seshasayee, Aswin SN},
  journal={Nature Communications},
  pages={886},
  year={2012},
  publisher={Nature Publishing Group}
}

@article{smits2006phenotypic,
  title={Phenotypic variation in bacteria: the role of feedback regulation},
  author={Smits, Wiep Klaas and Kuipers, Oscar P and Veening, Jan-Willem},
  journal={Nature Reviews Microbiology},
  volume={4},
  number={4},
  pages={259},
  year={2006},
  publisher={Nature Publishing Group}
}

@article{novick1957enzyme,
  title={Enzyme induction as an all-or-none phenomenon},
  author={Novick, Aaron and Weiner, Milton},
  journal={Proceedings of the National Academy of Sciences},
  volume={43},
  number={7},
  pages={553--566},
  year={1957},
  publisher={National Acad Sciences}
}

@article{levin2014scanlag,
  title={Scan{Lag}: {High}-throughput quantification of colony growth and lag time},
  author={Levin-Reisman, Irit and Fridman, Ofer and Balaban, Nathalie Q},
  journal={Journal of Visualized Experiments: JoVE},
  number={89},
  pages={e51456},
  year={2014},
  publisher={MyJoVE Corporation}
}

@article{ibarra2003identification,
  title={Identification of the {DNA} binding sites of {PerA}, the transcriptional activator of the \textit{bfp} and \textit{per} operons in enteropathogenic \textit{Escherichia coli}},
  author={Ibarra, J Antonio and Villalba, Miryam I and Puente, Jos{\'e} Luis},
  journal={Journal of Bacteriology},
  volume={185},
  number={9},
  pages={2835--2847},
  year={2003},
  publisher={Am Soc Microbiol}
}
